@misc{ServerlessAccel,
    title={A Language-based Serverless Function Accelerator},
    author={Emily Herbert and Arjun Guha},
    year={2019},
    eprint={1911.02178},
    archivePrefix={arXiv},
    primaryClass={cs.DC}
}

@article{FormalFoundations,
author = {Jangda, Abhinav and Pinckney, Donald and Brun, Yuriy and Guha, Arjun},
title = {Formal Foundations of Serverless Computing},
year = {2019},
issue_date = {October 2019},
publisher = {Association for Computing Machinery},
address = {New York, NY, USA},
volume = {3},
number = {OOPSLA},
url = {https://doi.org/10.1145/3360575},
doi = {10.1145/3360575},
journal = {Proc. ACM Program. Lang.},
month = oct,
articleno = {Article 149},
numpages = {26},
keywords = {distributed computing, serverless computing, formal language semantics}
}

@article{JaVerT,
author = {Fragoso Santos, Jose and Maksimović, Petar and Naudziuniene, Daiva and Wood, Thomas and Gardner, Philippa},
year = {2017},
month = {12},
pages = {1-33},
title = {JaVerT: JavaScript verification toolchain},
volume = {2},
journal = {Proceedings of the ACM on Programming Languages},
doi = {10.1145/3158138}
}


@article{DynamicInformationControl,
author = {Alpernas, Kalev and Flanagan, Cormac and Fouladi, Sadjad and Ryzhyk, Leonid and Sagiv, Mooly and Schmitz, Thomas and Winstein, Keith},
title = {Secure Serverless Computing Using Dynamic Information Flow Control},
year = {2018},
issue_date = {October 2018},
publisher = {Association for Computing Machinery},
address = {New York, NY, USA},
volume = {2},
number = {OOPSLA},
url = {https://doi.org/10.1145/3276488},
doi = {10.1145/3276488},
journal = {Proc. ACM Program. Lang.},
month = oct,
articleno = {Article 118},
numpages = {26},
keywords = {Cloud Computing, Information Flow Control, Serverless}
}

@article{IronFleet,
author = {Hawblitzel, Chris and Howell, Jon and Kapritsos, Manos and Lorch, Jacob R. and Parno, Bryan and Roberts, Michael L. and Setty, Srinath and Zill, Brian},
title = {IronFleet: Proving Safety and Liveness of Practical Distributed Systems},
year = {2017},
issue_date = {June 2017},
publisher = {Association for Computing Machinery},
address = {New York, NY, USA},
volume = {60},
number = {7},
issn = {0001-0782},
url = {https://doi.org/10.1145/3068608},
doi = {10.1145/3068608},
journal = {Commun. ACM},
month = jun,
pages = {83–92},
numpages = {10}
}

@misc{pyOpSem,
  title = {An executable operational semantics for Python},
  author = {Gideon Joachim Smeding},
  howpublished = {http://gideon.smdng.nl/2009/01/an-executable-operational-semantics-for-python/},
  note = {Accessed: 2020-03-05}
}

 @misc{rpython, 
    title={Welcome to RPython's documentation!}, url={https://rpython.readthedocs.io/en/latest/index.html}, journal={Welcome to RPython's documentation! - RPython Documentation}
} 

@inproceedings{OpenWhisk,
  title={Cloud-Native, Event-Based Programming for Mobile Applications},
  author={Baldini Ioana and Castro Paul and Cheng Perry and Fink Stephen and Ishakian Vatche and Mitchell Nick and Muthusamy Vinod and Rabbah Rodric and Suter Philippe},
  year={2016}
}

